@inproceedings{cross-domaindisentanglement,
 author = {Gonzalez-Garcia, Abel and van de Weijer, Joost and Bengio, Yoshua},
 booktitle = {Advances in Neural Information Processing Systems},
 editor = {S. Bengio and H. Wallach and H. Larochelle and K. Grauman and N. Cesa-Bianchi and R. Garnett},
 pages = {1287--1298},
 publisher = {Curran Associates, Inc.},
 title = {Image-to-image translation for cross-domain disentanglement},
 url = {https://proceedings.neurips.cc/paper/2018/file/dc6a70712a252123c40d2adba6a11d84-Paper.pdf},
 volume = {31},
 year = {2018}
}

@inproceedings{HCFLOW,
  title={Hierarchical Conditional Flow: A Unified Framework for Image Super-Resolution and Image Rescaling},
  author={Liang, Jingyun and Lugmayr, Andreas and Zhang, Kai and Danelljan, Martin and Van Gool, Luc and Timofte, Radu},
  booktitle={Proceedings of the IEEE/CVF International Conference on Computer Vision},
  pages={4076--4085},
  year={2021}
}

@inproceedings{dual-glow,
author = {Sun, Haoliang and Mehta, Ronak and Zhou, Hao H. and Huang, Zhichun and Johnson, Sterling C. and Prabhakaran, Vivek and Singh, Vikas},
title = {DUAL-GLOW: Conditional Flow-Based Generative Model for Modality Transfer},
booktitle = {Proceedings of the IEEE/CVF International Conference on Computer Vision (ICCV)},
month = {October},
year = {2019}
}

@inproceedings{SRFLOW,
author="Lugmayr, Andreas
and Danelljan, Martin
and Van Gool, Luc
and Timofte, Radu",
title={SRFlow: Learning the Super-Resolution Space with Normalizing Flow},
booktitle="Computer Vision -- ECCV 2020",
year="2020"
}

@inproceedings{ardizzone2019guided,
  title={Guided Image Generation with Conditional Invertible Neural Networks},
  author={Lynton Ardizzone and Jakob Kruse and Carsten Rother and Ullrich K{\"o}the},
  booktitle={Proceedings of the 31st International Conference on Neural Information Processing Systems},
  pages={2395--2406},
  year={2019}
}

@misc{BRGM,
  title={Bayesian Image Reconstruction using Deep Generative Models},
  author={Razvan V. Marinescu and Daniel Moyer and Polina Golland},
  year={2021},
  eprint={2012.04567},
  archivePrefix={arXiv},
  primaryClass={cs.CV}
}

@inproceedings{GLOW,
 author = {Kingma, Durk P and Dhariwal, Prafulla},
 booktitle = {Advances in Neural Information Processing Systems},
 pages = {10215--10224},
 title = {Glow: Generative Flow with Invertible 1x1 Convolutions},
 volume = {31},
 year = {2018}
}

@inproceedings{onken2021ot,
  title={Ot-flow: Fast and accurate continuous normalizing flows via optimal transport},
  author={Onken, Derek and Fung, Samy Wu and Li, Xingjian and Ruthotto, Lars},
  booktitle={Proceedings of the AAAI Conference on Artificial Intelligence},
  volume={35},
  pages={9223--9232},
  year={2021}
}

@inproceedings{Nice2014,
  author    = {Laurent Dinh and David Krueger and Yoshua Bengio},
  editor    = {Yoshua Bengio and Yann LeCun},
  title     = {{NICE:} Non-linear Independent Components Estimation},
  booktitle = {3rd International Conference on Learning Representations, {ICLR} 2015},
  year = 2015
}

@inproceedings{RealNVP2016,
  author    = {Laurent Dinh and Jascha Sohl{-}Dickstein and Samy Bengio},
  title     = {Density estimation using Real {NVP}},
  booktitle = {5th International Conference on Learning Representations, {ICLR} 2017},
  year = 2017
}

@inproceedings{grover2020alignflow,
  title={Alignflow: Cycle consistent learning from multiple domains via normalizing flows},
  author={Grover, Aditya and Chute, Christopher and Shu, Rui and Cao, Zhangjie and Ermon, Stefano},
  booktitle={Proceedings of the AAAI Conference on Artificial Intelligence},
  volume={34},
  pages={4028--4035},
  year={2020}
}

@inproceedings{PRRN,
  title = {Pixel Recurrent Neural Networks},
  author = {Oord, Aaron Van and Kalchbrenner, Nal and Kavukcuoglu, Koray},
  booktitle = {Proceedings of The 33rd International Conference on Machine Learning},
  pages = {1747--1756},
  year = {2016},
  editor = {Balcan, Maria Florina and Weinberger, Kilian Q.},
  volume = {48}
}

@inproceedings{NIPS2016_ddeebdee,
 author = {Kingma, Durk P and Salimans, Tim and Jozefowicz, Rafal and Chen, Xi and Sutskever, Ilya and Welling, Max},
 booktitle = {Advances in Neural Information Processing Systems},
 title = {Improved Variational Inference with Inverse Autoregressive Flow},
 volume = {29},
 year = {2016}
}

@inproceedings{germain2015made,
  title={Made: Masked autoencoder for distribution estimation},
  author={Germain, Mathieu and Gregor, Karol and Murray, Iain and Larochelle, Hugo},
  booktitle={International Conference on Machine Learning},
  pages={881--889},
  year={2015},
  organization={PMLR}
}

@inproceedings{larochelle2011neural,
  title={The neural autoregressive distribution estimator},
  author={Larochelle, Hugo and Murray, Iain},
  booktitle={Proceedings of the Fourteenth International Conference on Artificial Intelligence and Statistics},
  pages={29--37},
  year={2011},
  organization={JMLR Workshop and Conference Proceedings}
}

@inproceedings{karras2019style,
  title={A style-based generator architecture for generative adversarial networks},
  author={Karras, Tero and Laine, Samuli and Aila, Timo},
  booktitle={Proceedings of the IEEE/CVF Conference on Computer Vision and Pattern Recognition},
  pages={4401--4410},
  year={2019}
}

@article{yu2015lsun,
  title={Lsun: Construction of a large-scale image dataset using deep learning with humans in the loop},
  author={Yu, Fisher and Seff, Ari and Zhang, Yinda and Song, Shuran and Funkhouser, Thomas and Xiao, Jianxiong},
  journal={arXiv preprint arXiv:1506.03365},
  year={2015}
}

@inproceedings{viazovetskyi2020stylegan2,
  title={Stylegan2 distillation for feed-forward image manipulation},
  author={Viazovetskyi, Yuri and Ivashkin, Vladimir and Kashin, Evgeny},
  booktitle={European Conference on Computer Vision},
  pages={170--186},
  year={2020},
  organization={Springer}
}

@inproceedings{abdal2019image2stylegan,
  title={Image2stylegan: How to embed images into the stylegan latent space?},
  author={Abdal, Rameen and Qin, Yipeng and Wonka, Peter},
  booktitle={Proceedings of the IEEE/CVF International Conference on Computer Vision},
  pages={4432--4441},
  year={2019}
}

@article{pan2010domain,
  title={Domain adaptation via transfer component analysis},
  author={Pan, Sinno Jialin and Tsang, Ivor W and Kwok, James T and Yang, Qiang},
  journal={IEEE Transactions on Neural Networks},
  volume={22},
  number={2},
  pages={199--210},
  year={2010},
  publisher={IEEE}
}

@inproceedings{autoregressive_flows,
  title = {Neural Autoregressive Flows},
  author = {Huang, Chin-Wei and Krueger, David and Lacoste, Alexandre and Courville, Aaron},
  booktitle = {Proceedings of the 35th International Conference on Machine Learning},
  pages = {2078--2087},
  year = {2018},
  volume = {80}
}

@inproceedings{GANs,
 author = {Goodfellow, Ian and Pouget-Abadie, Jean and Mirza, Mehdi and Xu, Bing and Warde-Farley, David and Ozair, Sherjil and Courville, Aaron and Bengio, Yoshua},
 booktitle = {Advances in Neural Information Processing Systems},
 title = {Generative Adversarial Nets},
 volume = {27},
 year = {2014}
}

@inproceedings{batchnormalization,
  title = {Batch Normalization: Accelerating Deep Network Training by Reducing Internal Covariate Shift},
  author = {Ioffe, Sergey and Szegedy, Christian},
  booktitle = {Proceedings of the 32nd International Conference on Machine Learning},
  pages = {448--456},
  year = {2015},
  volume = {37}
}

@inproceedings{neuralODEs,
 author = {Chen, Ricky T. Q. and Rubanova, Yulia and Bettencourt, Jesse and Duvenaud, David K},
 booktitle = {Advances in Neural Information Processing Systems},
 title = {Neural Ordinary Differential Equations},
 volume = {31},
 year = {2018}
}

@inproceedings{HPNAF,
  author={Oh, G. and Valois, J.-S.},
  booktitle={2020 IEEE/CVF Conference on Computer Vision and Pattern Recognition (CVPR)}, 
  title={HCNAF: Hyper-Conditioned Neural Autoregressive Flow and its Application for Probabilistic Occupancy Map Forecasting}, 
  year={2020}
}

@misc{cflows,
title={Learning Likelihoods with Conditional Normalizing Flows},
author={Christina Winkler and Daniel Worrall and Emiel Hoogeboom and Max Welling},
year={2020},
url={https://openreview.net/forum?id=rJg3zxBYwH}
}

@article{cGLOW,
  title={Structured Output Learning with Conditional Generative Flows},
  author={Lu, Y. and Huang, B.},
  journal={AAAI},
  year={2020}
}

@inproceedings{WAVELET-FLOW,
  title={{Wavelet Flow: Fast Training of High Resolution Normalizing Flows}},
  author={Yu, Jason J. and Derpanis, Konstantinos and Brubaker, Marcus A.},
  booktitle={NeurIPS},
  year={2020}
}

@inproceedings{rezende2015variational,
  title={Variational inference with normalizing flows},
  author={Rezende, Danilo and Mohamed, Shakir},
  booktitle={International Conference on Machine Learning},
  pages={1530--1538},
  year={2015},
  organization={PMLR}
}

@inproceedings{CycleGAN2017,
  title={Unpaired Image-to-Image Translation using Cycle-Consistent Adversarial Networks},
  author={Zhu, Jun-Yan and Park, Taesung and Isola, Phillip and Efros, Alexei A},
  booktitle={Computer Vision (ICCV), 2017 IEEE International Conference on},
  year={2017}
}

@inproceedings{isola2017image,
  title={Image-to-image translation with conditional adversarial networks},
  author={Isola, Phillip and Zhu, Jun-Yan and Zhou, Tinghui and Efros, Alexei A},
  booktitle={Proceedings of the IEEE conference on computer vision and pattern recognition},
  pages={1125--1134},
  year={2017}
}

@inproceedings{colorGAN,
  author={Blanch, Marc GÃ³rriz and Mrak, Marta and Smeaton, Alan F. and O'Connor, Noel E.},
  booktitle={2019 IEEE 21st International Workshop on Multimedia Signal Processing (MMSP)}, 
  title={End-to-End Conditional GAN-based Architectures for Image Colourisation}, 
  year={2019},
  pages={1--6}
}

@inproceedings{WGAN,
  title = {{W}asserstein Generative Adversarial Networks},
  author = {Arjovsky, Martin and Chintala, Soumith and Bottou, LÃ©on},
  booktitle = {Proceedings of the 34th International Conference on Machine Learning},
  pages = {214--223},
  year = {2017},
  volume = {70}
}

@inproceedings{cycada,
  title = {{C}y{CADA}: Cycle-Consistent Adversarial Domain Adaptation},
  author = {Hoffman, Judy and Tzeng, Eric and Park, Taesung and Zhu, Jun-Yan and Isola, Phillip and Saenko, Kate and Efros, Alexei and Darrell, Trevor},
  booktitle = {Proceedings of the 35th International Conference on Machine Learning},
  pages = {1989--1998},
  year = {2018},
  volume = {80}
}

@article{representationsurvey,
  author={Bengio, Yoshua and Courville, Aaron and Vincent, Pascal},
  journal={IEEE Transactions on Pattern Analysis and Machine Intelligence}, 
  title={Representation Learning: A Review and New Perspectives}, 
  year={2013},
  volume={35},
  number={8},
  pages={1798--1828}
}

@inproceedings{ESRGAN,
author="Wang, Xintao and Yu, Ke and Wu, Shixiang and Gu, Jinjin and Liu, Yihao and Dong, Chao and Qiao, Yu and Loy, Chen Change",
editor="Leal-Taix{\'e}, Laura and Roth, Stefan",
title="ESRGAN: Enhanced Super-Resolution Generative Adversarial Networks",
booktitle="Computer Vision -- ECCV 2018 Workshops",
year="2019",
pages="63--79"
}

@inproceedings{Pumarola2020,
  author={Pumarola, Albert and Popov, Stefan and Moreno-Noguer, Francesc and Ferrari, Vittorio},
  booktitle={2020 IEEE/CVF Conference on Computer Vision and Pattern Recognition (CVPR)}, 
  title={C-Flow: Conditional Generative Flow Models for Images and 3D Point Clouds}, 
  year={2020},
  pages={7946--7955}
}

@inproceedings{Generativecontexualattention,
  author={Yu, Jiahui and Lin, Zhe and Yang, Jimei and Shen, Xiaohui and Lu, Xin and Huang, Thomas S.},
  booktitle={2018 IEEE/CVF Conference on Computer Vision and Pattern Recognition}, 
  title={Generative Image Inpainting with Contextual Attention}, 
  year={2018},
  pages={5505--5514}
}

@inproceedings{li2019feedback,
  title={Feedback network for image super-resolution},
  author={Li, Zhen and Yang, Jinglei and Liu, Zheng and Yang, Xiaomin and Jeon, Gwanggil and Wu, Wei},
  booktitle={Proceedings of the IEEE/CVF Conference on Computer Vision and Pattern Recognition},
  pages={3867--3876},
  year={2019}
}

@inproceedings{liu2015deep,
  title={Deep learning face attributes in the wild},
  author={Liu, Ziwei and Luo, Ping and Wang, Xiaogang and Tang, Xiaoou},
  booktitle={Proceedings of the IEEE international conference on computer vision},
  pages={3730--3738},
  year={2015}
}

@article{scorebased,
  title={Score-Based Generative Modeling through Stochastic Differential Equations},
  author={Song, Yang and Sohl-Dickstein, Jascha and Kingma, Diederik P and Kumar, Abhishek and Ermon, Stefano and Poole, Ben},
  journal={arXiv preprint arXiv:2011.13456},
  year={2020}
}

@inproceedings{yan2016attribute2image,
  title={Attribute2image: Conditional image generation from visual attributes},
  author={Yan, Xinchen and Yang, Jimei and Sohn, Kihyuk and Lee, Honglak},
  booktitle={European Conference on Computer Vision},
  pages={776--791},
  year={2016},
  organization={Springer}
}

@inproceedings{VAE,
  author = {Kingma, Diederik P. and Welling, Max},
  editor = {Bengio, Yoshua and LeCun, Yann},
  title = {Auto-Encoding Variational Bayes},
  booktitle = {2nd International Conference on Learning Representations, {ICLR} 2014},
  year = {2014}
}

@inproceedings{coupled,
  author = {Liu, Ming-Yu and Tuzel, Oncel},
  booktitle = {Advances in Neural Information Processing Systems},
  title = {Coupled Generative Adversarial Networks},
  volume = {29},
  year = {2016}
}

@article{Rozantsevbeyond,
  author={Rozantsev, Artem and Salzmann, Mathieu and Fua, Pascal},
  journal={IEEE Transactions on Pattern Analysis and Machine Intelligence}, 
  title={Beyond Sharing Weights for Deep Domain Adaptation}, 
  year={2019},
  volume={41},
  number={4},
  pages={801--814}
}

@inproceedings{Sunfrustratingly,
  author = {Sun, Baochen and Feng, Jiashi and Saenko, Kate},
  title = {Return of Frustratingly Easy Domain Adaptation},
  year = {2016},
  publisher = {AAAI Press},
  booktitle = {Proceedings of the Thirtieth AAAI Conference on Artificial Intelligence},
  pages = {2058--2065}
}

@article{wu2020stochastic,
  title={Stochastic normalizing flows},
  author={Wu, Hao and K{\"o}hler, Jonas and No{\'e}, Frank},
  journal={arXiv preprint arXiv:2002.06707},
  year={2020}
}

@inproceedings{ho2019flow++,
  title={Flow++: Improving flow-based generative models with variational dequantization and architecture design},
  author={Ho, Jonathan and Chen, Xi and Srinivas, Aravind and Duan, Yan and Abbeel, Pieter},
  booktitle={International Conference on Machine Learning},
  pages={2722--2730},
  year={2019},
  organization={PMLR}
}

@inproceedings{verine2023expressivity,
  title={On the expressivity of bi-Lipschitz normalizing flows},
  author={Verine, Alexandre and Negrevergne, Benjamin and Chevaleyre, Yann and Rossi, Fabrice},
  booktitle={Asian Conference on Machine Learning},
  pages={1054--1069},
  year={2023},
  organization={PMLR}
}

@inproceedings{behrmann2021understanding,
  title={Understanding and mitigating exploding inverses in invertible neural networks},
  author={Behrmann, Jens and Vicol, Paul and Wang, Kuan-Chieh and Grosse, Roger and Jacobsen, J{\"o}rn-Henrik},
  booktitle={International Conference on Artificial Intelligence and Statistics},
  pages={1792--1800},
  year={2021},
  organization={PMLR}
}

% General
@book{oksendal2003sde,
      author = {Oksendal, Bernt},
      title = {Stochastic Differential Equations (5th Ed.): An Introduction with Applications},
      year = {2003},
      publisher = {Springer-Verlag},
      address = {Heidelberg}
}

@misc{leonard2013properties,
      title={Some properties of path measures}, 
      author={Christian LÃ©onard},
      year={2013},
      eprint={1308.0217},
      archivePrefix={arXiv},
      primaryClass={math.PR}
}

@misc{daras2021intermediate,
      title={Intermediate Layer Optimization for Inverse Problems using Deep Generative Models}, 
      author={Giannis Daras and Joseph Dean and Ajil Jalal and Alexandros G. Dimakis},
      year={2021},
      eprint={2102.07364},
      archivePrefix={arXiv},
      primaryClass={cs.LG}
}

@misc{marinescu2021bayesian_reconstruction_gans,
      title={Bayesian Image Reconstruction using Deep Generative Models}, 
      author={Razvan V Marinescu and Daniel Moyer and Polina Golland},
      year={2021},
      eprint={2012.04567},
      archivePrefix={arXiv},
      primaryClass={cs.CV}
}

@misc{gabbay2019style__inversion_image_enhancement,
      title={Style Generator Inversion for Image Enhancement and Animation}, 
      author={Aviv Gabbay and Yedid Hoshen},
      year={2019},
      eprint={1906.11880},
      archivePrefix={arXiv},
      primaryClass={cs.CV}
}

@misc{wei2021gan_inversion,
      title={A Simple Baseline for StyleGAN Inversion}, 
      author={Tianyi Wei and Dongdong Chen and Wenbo Zhou and Jing Liao and Weiming Zhang and Lu Yuan and Gang Hua and Nenghai Yu},
      year={2021},
      eprint={2104.07661},
      archivePrefix={arXiv},
      primaryClass={cs.CV}
}

@ARTICLE{vincent2011connection,
  author={Vincent, Pascal},
  journal={Neural Computation}, 
  title={A Connection Between Score Matching and Denoising Autoencoders}, 
  year={2011},
  volume={23},
  number={7},
  pages={1661-1674},
  doi={10.1162/NECO_a_00142}}

@misc{wang2020survey,
      title={Deep Learning for Image Super-resolution: A Survey}, 
      author={Zhihao Wang and Jian Chen and Steven C. H. Hoi},
      year={2020},
      eprint={1902.06068},
      archivePrefix={arXiv},
      primaryClass={cs.CV}
}

@book{daubechies1992wavelets,
author = {Daubechies, Ingrid},
title = {Ten Lectures on Wavelets},
year = {1992},
isbn = {0898712742},
publisher = {Society for Industrial and Applied Mathematics},
address = {USA}
}

@misc{kingma2014autoencoding,
      title={Auto-Encoding Variational Bayes}, 
      author={Diederik P Kingma and Max Welling},
      year={2014},
      eprint={1312.6114},
      archivePrefix={arXiv},
      primaryClass={stat.ML}
}

@misc{liu2023i2sb,
      title={I$^2$SB: Image-to-Image Schr\"odinger Bridge}, 
      author={Guan-Horng Liu and Arash Vahdat and De-An Huang and Evangelos A. Theodorou and Weili Nie and Anima Anandkumar},
      year={2023},
      eprint={2302.05872},
      archivePrefix={arXiv},
      primaryClass={cs.CV}
}

@misc{donahue2019adversarial_audio,
      title={Adversarial Audio Synthesis}, 
      author={Chris Donahue and Julian McAuley and Miller Puckette},
      year={2019},
      eprint={1802.04208},
      archivePrefix={arXiv},
      primaryClass={cs.SD}
}

@misc{zhu2020cycle_gan,
      title={Unpaired Image-to-Image Translation using Cycle-Consistent Adversarial Networks}, 
      author={Jun-Yan Zhu and Taesung Park and Phillip Isola and Alexei A. Efros},
      year={2020},
      eprint={1703.10593},
      archivePrefix={arXiv},
      primaryClass={cs.CV}
}

@misc{tang2021attentiongan,
      title={AttentionGAN: Unpaired Image-to-Image Translation using Attention-Guided Generative Adversarial Networks}, 
      author={Hao Tang and Hong Liu and Dan Xu and Philip H. S. Torr and Nicu Sebe},
      year={2021},
      eprint={1911.11897},
      archivePrefix={arXiv},
      primaryClass={cs.CV}
}

@article{bengio2005autoregressive,
author = {Bengio, Yoshua and Ducharme, R\'{e}jean and Vincent, Pascal and Janvin, Christian},
title = {A Neural Probabilistic Language Model},
year = {2003},
issue_date = {3/1/2003},
publisher = {JMLR.org},
volume = {3},
number = {null},
issn = {1532-4435},
journal = {J. Mach. Learn. Res.},
month = mar,
pages = {1137â1155},
numpages = {19}
}

@misc{goodfellow2014generative,
      title={Generative Adversarial Networks}, 
      author={Ian J. Goodfellow and Jean Pouget-Abadie and Mehdi Mirza and Bing Xu and David Warde-Farley and Sherjil Ozair and Aaron Courville and Yoshua Bengio},
      year={2014},
      eprint={1406.2661},
      archivePrefix={arXiv},
      primaryClass={stat.ML}
}

@misc{papamakarios2021normalizing,
      title={Normalizing Flows for Probabilistic Modeling and Inference}, 
      author={George Papamakarios and Eric Nalisnick and Danilo Jimenez Rezende and Shakir Mohamed and Balaji Lakshminarayanan},
      year={2021},
      eprint={1912.02762},
      archivePrefix={arXiv},
      primaryClass={stat.ML}
}

% Data

@inproceedings{2015celeba,
  title = {Deep Learning Face Attributes in the Wild},
  author = {Liu, Ziwei and Luo, Ping and Wang, Xiaogang and Tang, Xiaoou},
  booktitle = {Proceedings of International Conference on Computer Vision (ICCV)},
  month = {December},
  year = {2015} 
}

@InProceedings{yu2014sketch2shoe,
  author = {A. Yu and K. Grauman},
  title = {Fine-Grained Visual Comparisons with Local Learning},
  booktitle = {Computer Vision and Pattern Recognition (CVPR)},
  month = {Jun},
  year = {2014}
}

@misc{isola2018pix2pix,
      title={Image-to-Image Translation with Conditional Adversarial Networks}, 
      author={Phillip Isola and Jun-Yan Zhu and Tinghui Zhou and Alexei A. Efros},
      year={2018},
      eprint={1611.07004},
      archivePrefix={arXiv},
      primaryClass={cs.CV}
}

@misc{xie2015edges,
      title={Holistically-Nested Edge Detection}, 
      author={Saining Xie and Zhuowen Tu},
      year={2015},
      eprint={1504.06375},
      archivePrefix={arXiv},
      primaryClass={cs.CV}
}

@InProceedings{2017div2k,
	author = {Agustsson, Eirikur and Timofte, Radu},
	title = {NTIRE 2017 Challenge on Single Image Super-Resolution: Dataset and Study},
	booktitle = {The IEEE Conference on Computer Vision and Pattern Recognition (CVPR) Workshops},
	month = {July},
	year = {2017}
} 

% Metrics
@inproceedings{zhang2018lpips,
  title={The Unreasonable Effectiveness of Deep Features as a Perceptual Metric},
  author={Zhang, Richard and Isola, Phillip and Efros, Alexei A and Shechtman, Eli and Wang, Oliver},
  booktitle={CVPR},
  year={2018}
}

@misc{heusel2018fid,
      title={GANs Trained by a Two Time-Scale Update Rule Converge to a Local Nash Equilibrium}, 
      author={Martin Heusel and Hubert Ramsauer and Thomas Unterthiner and Bernhard Nessler and Sepp Hochreiter},
      year={2018},
      eprint={1706.08500},
      archivePrefix={arXiv},
      primaryClass={cs.LG}
}

@ARTICLE{zhou2004psnr+ssim,
  author={Zhou Wang and Bovik, A.C. and Sheikh, H.R. and Simoncelli, E.P.},
  journal={IEEE Transactions on Image Processing}, 
  title={Image quality assessment: from error visibility to structural similarity}, 
  year={2004},
  volume={13},
  number={4},
  pages={600-612},
  doi={10.1109/TIP.2003.819861}}

%Score 

@article{hyvarinen2005score_original,
  author  = {Aapo Hyv{{\"a}}rinen},
  title   = {Estimation of Non-Normalized Statistical Models by Score Matching},
  journal = {Journal of Machine Learning Research},
  year    = {2005},
  volume  = {6},
  number  = {24},
  pages   = {695-709},
  url     = {http://jmlr.org/papers/v6/hyvarinen05a.html}
}

@misc{song2020generative_score,
      title={Generative Modeling by Estimating Gradients of the Data Distribution}, 
      author={Yang Song and Stefano Ermon},
      year={2020},
      eprint={1907.05600},
      archivePrefix={arXiv},
      primaryClass={cs.LG}
}

@misc{tashiro2021csdi,
      title={CSDI: Conditional Score-based Diffusion Models for Probabilistic Time Series Imputation}, 
      author={Yusuke Tashiro and Jiaming Song and Yang Song and Stefano Ermon},
      year={2021},
      eprint={2107.03502},
      archivePrefix={arXiv},
      primaryClass={cs.LG}
}

% Diffusion

@misc{sohldickstein2015diffusion_original,
      title={Deep Unsupervised Learning using Nonequilibrium Thermodynamics}, 
      author={Jascha Sohl-Dickstein and Eric A. Weiss and Niru Maheswaranathan and Surya Ganguli},
      year={2015},
      eprint={1503.03585},
      archivePrefix={arXiv},
      primaryClass={cs.LG}
}


@misc{ho2020denoising,
      title={Denoising Diffusion Probabilistic Models}, 
      author={Jonathan Ho and Ajay Jain and Pieter Abbeel},
      year={2020},
      eprint={2006.11239},
      archivePrefix={arXiv},
      primaryClass={cs.LG}
}

@misc{dhariwal2021diffusion_beats_gans,
      title={Diffusion Models Beat GANs on Image Synthesis}, 
      author={Prafulla Dhariwal and Alex Nichol},
      year={2021},
      eprint={2105.05233},
      archivePrefix={arXiv},
      primaryClass={cs.LG}
}

% SDE


@misc{song2021sde,
      title={Score-Based Generative Modeling through Stochastic Differential Equations}, 
      author={Yang Song and Jascha Sohl-Dickstein and Diederik P. Kingma and Abhishek Kumar and Stefano Ermon and Ben Poole},
      year={2021},
      eprint={2011.13456},
      archivePrefix={arXiv},
      primaryClass={cs.LG}
}

@misc{song2021maximum,
      title={Maximum Likelihood Training of Score-Based Diffusion Models}, 
      author={Yang Song and Conor Durkan and Iain Murray and Stefano Ermon},
      year={2021},
      eprint={2101.09258},
      archivePrefix={arXiv},
      primaryClass={stat.ML}
}

@article{anderson1982reverse_time_sde,
title = {Reverse-time diffusion equation models},
journal = {Stochastic Processes and their Applications},
volume = {12},
number = {3},
pages = {313-326},
year = {1982},
issn = {0304-4149},
doi = {https://doi.org/10.1016/0304-4149(82)90051-5},
url = {https://www.sciencedirect.com/science/article/pii/0304414982900515},
author = {Brian D.O. Anderson}
}

% Super resolution

@misc{saharia2021sr3,
      title={Image Super-Resolution via Iterative Refinement}, 
      author={Chitwan Saharia and Jonathan Ho and William Chan and Tim Salimans and David J. Fleet and Mohammad Norouzi},
      year={2021},
      eprint={2104.07636},
      archivePrefix={arXiv},
      primaryClass={eess.IV}
}

@misc{liang2021hrflow,
      title={Hierarchical Conditional Flow: A Unified Framework for Image Super-Resolution and Image Rescaling}, 
      author={Jingyun Liang and Andreas Lugmayr and Kai Zhang and Martin Danelljan and Luc Van Gool and Radu Timofte},
      year={2021},
      eprint={2108.05301},
      archivePrefix={arXiv},
      primaryClass={eess.IV}
}

@ARTICLE{keyes1981bicubic,
  author={Keys, R.},
  journal={IEEE Transactions on Acoustics, Speech, and Signal Processing}, 
  title={Cubic convolution interpolation for digital image processing}, 
  year={1981},
  volume={29},
  number={6},
  pages={1153-1160},
  doi={10.1109/TASSP.1981.1163711}}

%IP 
@article{arridge2019ip, 
         title={Solving inverse problems using data-driven models}, 
         volume={28}, 
         DOI={10.1017/S0962492919000059}, 
         journal={Acta Numerica}, 
         publisher={Cambridge University Press}, 
         author={Arridge, Simon and Maass, Peter and Ãktem, Ozan and SchÃ¶nlieb, Carola-Bibiane}, 
         year={2019}, 
         pages={1â174}}

@inproceedings{muller2012ip,
  title={Linear and Nonlinear Inverse Problems with Practical Applications},
  author={Jennifer L. Mueller and Samuli Siltanen},
  booktitle={Computational science and engineering},
  year={2012}
}

% Stats
@incollection{whitney1994estimation,
  title = {Chapter 36 Large sample estimation and hypothesis testing},
  series = {Handbook of Econometrics},
  publisher = {Elsevier},
  volume = {4},
  pages = {2111-2245},
  year = {1994},
  issn = {1573-4412},
  doi = {https://doi.org/10.1016/S1573-4412(05)80005-4},
  url = {https://www.sciencedirect.com/science/article/pii/S1573441205800054},
  author = {Whitney K. Newey and Daniel McFadden}
}


@misc{rombach2022stable_diffusion,
      title={High-Resolution Image Synthesis with Latent Diffusion Models}, 
      author={Robin Rombach and Andreas Blattmann and Dominik Lorenz and Patrick Esser and BjÃ¶rn Ommer},
      year={2022},
      eprint={2112.10752},
      archivePrefix={arXiv},
      primaryClass={cs.CV}
}

@ARTICLE{pettis_nn_dim_estimator,
  author={Pettis, Karl W. and Bailey, Thomas A. and Jain, Anil K. and Dubes, Richard C.},
  journal={IEEE Transactions on Pattern Analysis and Machine Intelligence}, 
  title={An Intrinsic Dimensionality Estimator from Near-Neighbor Information}, 
  year={1979},
  volume={PAMI-1},
  number={1},
  pages={25-37},
  doi={10.1109/TPAMI.1979.4766873}}


@misc{kong2020diffWave,
  doi = {10.48550/ARXIV.2009.09761},
  
  url = {https://arxiv.org/abs/2009.09761},
  
  author = {Kong, Zhifeng and Ping, Wei and Huang, Jiaji and Zhao, Kexin and Catanzaro, Bryan},
  
  keywords = {Audio and Speech Processing (eess.AS), Computation and Language (cs.CL), Machine Learning (cs.LG), Sound (cs.SD), Machine Learning (stat.ML), FOS: Electrical engineering, electronic engineering, information engineering, FOS: Electrical engineering, electronic engineering, information engineering, FOS: Computer and information sciences, FOS: Computer and information sciences},
  
  title = {DiffWave: A Versatile Diffusion Model for Audio Synthesis},
  
  publisher = {arXiv},
  
  year = {2020},
  
  copyright = {arXiv.org perpetual, non-exclusive license}
}




@misc{manifold_hypothesis,
  doi = {10.48550/ARXIV.1310.0425},
  url = {https://arxiv.org/abs/1310.0425},
  author = {Fefferman, Charles and Mitter, Sanjoy and Narayanan, Hariharan},
  title = {Testing the Manifold Hypothesis},
  publisher = {arXiv},
  year = {2013},
  copyright = {arXiv.org perpetual, non-exclusive license}
}

@misc{pca,
  author       = {Pearson, Karl},
  title        = {{LIII. On lines and planes of closest fit to 
                   systems of points in space}},
  month        = nov,
  year         = 1901,
  publisher    = {Zenodo},
  doi          = {10.1080/14786440109462720},
  url          = {https://doi.org/10.1080/14786440109462720}
}

@article{ppca,
  added-at = {2017-11-28T07:11:13.000+0100},
  author = {Bishop, C M and Tipping, M E},
  biburl = {https://www.bibsonomy.org/bibtex/25bcaea0a135fee41b805037c9b434388/lenalauber},
  description = {Bishop_Tipping_1999_Probabilistic_PCA.pdf},
  interhash = {2afbf998e9e208a2f74687e586e1e841},
  intrahash = {5bcaea0a135fee41b805037c9b434388},
  keywords = {final thema:representationlearning},
  note = {PPCA},
  timestamp = {2017-11-28T07:11:13.000+0100},
  title = {Probabilistic Principal Component Analysis},
  year = 2001
}

@misc{fan_local_pca,
  doi = {10.48550/ARXIV.1002.2050},
  url = {https://arxiv.org/abs/1002.2050},
  author = {Fan, Mingyu and Gu, Nannan and Qiao, Hong and Zhang, Bo},
  keywords = {Computer Vision and Pattern Recognition (cs.CV), Machine Learning (cs.LG), FOS: Computer and information sciences, FOS: Computer and information sciences},
  title = {Intrinsic dimension estimation of data by principal component analysis},
  publisher = {arXiv},
  year = {2010},
  copyright = {arXiv.org perpetual, non-exclusive license}
}

@article{haro_mle,
  author    = {Gloria Haro and
               Gregory Randall and
               Guillermo Sapiro},
  title     = {Translated Poisson Mixture Model for Stratification Learning},
  journal   = {Int. J. Comput. Vis.},
  volume    = {80},
  number    = {3},
  pages     = {358--374},
  year      = {2008}
}


@article{lle,
  added-at = {2012-07-13T11:59:39.000+0200},
  author = {Roweis, Sam T. and Saul, Lawrence K.},
  biburl = {https://www.bibsonomy.org/bibtex/2cccdcfb847911c5899f3f35f9f1b5de5/jabreftest},
  doi = {10.1126/science.290.5500.2323},
  eprint = {http://www.sciencemag.org/cgi/reprint/290/5500/2323.pdf},
  file = {Roweis2000.pdf:2000/Roweis2000.pdf:PDF},
  groups = {public},
  interhash = {e4ae1bddd3d395677778454060783c55},
  intrahash = {cccdcfb847911c5899f3f35f9f1b5de5},
  journal = {Science},
  keywords = {},
  number = 5500,
  pages = {2323-2326},
  timestamp = {2012-07-13T11:59:39.000+0200},
  title = {{Nonlinear Dimensionality Reduction by Locally Linear Embedding}},
  url = {http://www.sciencemag.org/cgi/content/abstract/290/5500/2323},
  username = {jabreftest},
  volume = 290,
  year = 2000
}


@article{
IsoMap,
author = {Joshua B. Tenenbaum  and Vin de Silva  and John C. Langford },
title = {A Global Geometric Framework for Nonlinear Dimensionality Reduction},
journal = {Science},
volume = {290},
number = {5500},
pages = {2319-2323},
year = {2000},
doi = {10.1126/science.290.5500.2319},
URL = {https://www.science.org/doi/abs/10.1126/science.290.5500.2319},
eprint = {https://www.science.org/doi/pdf/10.1126/science.290.5500.2319},
}



@inproceedings{tsne,
 author = {Hinton, Geoffrey E and Roweis, Sam},
 booktitle = {Advances in Neural Information Processing Systems},
 editor = {S. Becker and S. Thrun and K. Obermayer},
 pages = {},
 publisher = {MIT Press},
 title = {Stochastic Neighbor Embedding},
 url = {https://proceedings.neurips.cc/paper/2002/file/6150ccc6069bea6b5716254057a194ef-Paper.pdf},
 volume = {15},
 year = {2002}
}




@misc{gan,
  doi = {10.48550/ARXIV.1406.2661},
  
  url = {https://arxiv.org/abs/1406.2661},
  
  author = {Goodfellow, Ian J. and Pouget-Abadie, Jean and Mirza, Mehdi and Xu, Bing and Warde-Farley, David and Ozair, Sherjil and Courville, Aaron and Bengio, Yoshua},
  
  keywords = {Machine Learning (stat.ML), Machine Learning (cs.LG), FOS: Computer and information sciences, FOS: Computer and information sciences},
  
  title = {Generative Adversarial Networks},
  
  publisher = {arXiv},
  
  year = {2014},
  
  copyright = {arXiv.org perpetual, non-exclusive license}
}



@misc{diffusion_models,
  doi = {10.48550/ARXIV.1503.03585},
  
  url = {https://arxiv.org/abs/1503.03585},
  
  author = {Sohl-Dickstein, Jascha and Weiss, Eric A. and Maheswaranathan, Niru and Ganguli, Surya},
  
  keywords = {Machine Learning (cs.LG), Disordered Systems and Neural Networks (cond-mat.dis-nn), Neurons and Cognition (q-bio.NC), Machine Learning (stat.ML), FOS: Computer and information sciences, FOS: Computer and information sciences, FOS: Physical sciences, FOS: Physical sciences, FOS: Biological sciences, FOS: Biological sciences},
  
  title = {Deep Unsupervised Learning using Nonequilibrium Thermodynamics},
  
  publisher = {arXiv},
  
  year = {2015},
  
  copyright = {arXiv.org perpetual, non-exclusive license}
}

@misc{ddpm,
  doi = {10.48550/ARXIV.2006.11239},
  
  url = {https://arxiv.org/abs/2006.11239},
  
  author = {Ho, Jonathan and Jain, Ajay and Abbeel, Pieter},
  
  keywords = {Machine Learning (cs.LG), Machine Learning (stat.ML), FOS: Computer and information sciences, FOS: Computer and information sciences},
  
  title = {Denoising Diffusion Probabilistic Models},
  
  publisher = {arXiv},
  
  year = {2020},
  
  copyright = {arXiv.org perpetual, non-exclusive license}
}
@article{song2020score,
  title={Score-based generative modeling through stochastic differential equations},
  author={Song, Yang and Sohl-Dickstein, Jascha and Kingma, Diederik P and Kumar, Abhishek and Ermon, Stefano and Poole, Ben},
  journal={arXiv preprint arXiv:2011.13456},
  year={2020}
}

@article{score_matching,
  author  = {Aapo Hyv{{\"a}}rinen},
  title   = {Estimation of Non-Normalized Statistical Models by Score Matching},
  journal = {Journal of Machine Learning Research},
  year    = {2005},
  volume  = {6},
  number  = {24},
  pages   = {695--709},
  url     = {http://jmlr.org/papers/v6/hyvarinen05a.html}
}

% --------------------RELATED WORK----------------
@ARTICLE{Karhunen-Loeve,
  author={Fukunaga, K. and Olsen, D.R.},
  journal={IEEE Transactions on Computers}, 
  title={An Algorithm for Finding Intrinsic Dimensionality of Data}, 
  year={1971},
  volume={C-20},
  number={2},
  pages={176-183},
  doi={10.1109/T-C.1971.223208}}

@inproceedings{auto_ppca,
 author = {Minka, Thomas},
 booktitle = {Advances in Neural Information Processing Systems},
 editor = {T. Leen and T. Dietterich and V. Tresp},
 pages = {},
 publisher = {MIT Press},
 title = {Automatic Choice of Dimensionality for PCA},
 url = {https://proceedings.neurips.cc/paper/2000/file/7503cfacd12053d309b6bed5c89de212-Paper.pdf},
 volume = {13},
 year = {2000}
}

@inproceedings{packing_number,
 author = {K\'{e}gl, Bal\'{a}zs},
 booktitle = {Advances in Neural Information Processing Systems},
 editor = {S. Becker and S. Thrun and K. Obermayer},
 pages = {},
 publisher = {MIT Press},
 title = {Intrinsic Dimension Estimation Using Packing Numbers},
 url = {https://proceedings.neurips.cc/paper/2002/file/1177967c7957072da3dc1db4ceb30e7a-Paper.pdf},
 volume = {15},
 year = {2002}
}

@ARTICLE{fractal_dim,
  author={Camastra, F. and Vinciarelli, A.},
  journal={IEEE Transactions on Pattern Analysis and Machine Intelligence}, 
  title={Estimating the intrinsic dimension of data with a fractal-based method}, 
  year={2002},
  volume={24},
  number={10},
  pages={1404-1407},
  doi={10.1109/TPAMI.2002.1039212}}

@inproceedings{dim_MLE,
 author = {Levina, Elizaveta and Bickel, Peter},
 booktitle = {Advances in Neural Information Processing Systems},
 editor = {L. Saul and Y. Weiss and L. Bottou},
 pages = {},
 publisher = {MIT Press},
 title = {Maximum Likelihood Estimation of Intrinsic Dimension},
 url = {https://proceedings.neurips.cc/paper/2004/file/74934548253bcab8490ebd74afed7031-Paper.pdf},
 volume = {17},
 year = {2004}
}

@misc{R_intrinsic_dim,
title = {intrinsicDimension: Intrinsic Dimension Estimation},
author = {Kerstin Johnsson},
year = {2016},
url = {https://cran.r-project.org/web/packages/intrinsicDimension/},
}

@article{sklearn,
  title={Scikit-learn: Machine learning in Python},
  author={Pedregosa, Fabian and Varoquaux, Ga{\"e}l and Gramfort, Alexandre and Michel, Vincent and Thirion, Bertrand and Grisel, Olivier and Blondel, Mathieu and Prettenhofer, Peter and Weiss, Ron and Dubourg, Vincent and others},
  journal={Journal of machine learning research},
  volume={12},
  number={Oct},
  pages={2825--2830},
  year={2011}
}

%--------------------------------------------------
%----------------Datasets----------------
@article{mnist,
  added-at = {2010-06-28T21:16:30.000+0200},
  author = {LeCun, Yann and Cortes, Corinna},
  biburl = {https://www.bibsonomy.org/bibtex/2935bad99fa1f65e03c25b315aa3c1032/mhwombat},
  groups = {public},
  howpublished = {http://yann.lecun.com/exdb/mnist/},
  interhash = {21b9d0558bd66279df9452562df6e6f3},
  intrahash = {935bad99fa1f65e03c25b315aa3c1032},
  keywords = {MSc _checked character_recognition mnist network neural},
  lastchecked = {2016-01-14 14:24:11},
  timestamp = {2016-07-12T19:25:30.000+0200},
  title = {{MNIST} handwritten digit database},
  url = {http://yann.lecun.com/exdb/mnist/},
  username = {mhwombat},
  year = 2010
}

@article{cifar,
author = {Krizhevsky, Alex},
year = {2012},
month = {05},
pages = {},
title = {Learning Multiple Layers of Features from Tiny Images},
journal = {University of Toronto}
}

@INPROCEEDINGS{imagenet,
  author={Deng, Jia and Dong, Wei and Socher, Richard and Li, Li-Jia and Kai Li and Li Fei-Fei},
  booktitle={2009 IEEE Conference on Computer Vision and Pattern Recognition}, 
  title={ImageNet: A large-scale hierarchical image database}, 
  year={2009},
  volume={},
  number={},
  pages={248-255},
  doi={10.1109/CVPR.2009.5206848}}

  @article{mammoth,
  author  = {Yingfan Wang and Haiyang Huang and Cynthia Rudin and Yaron Shaposhnik},
  title   = {Understanding How Dimension Reduction Tools Work: An Empirical Approach to Deciphering t-SNE, UMAP, TriMap, and PaCMAP for Data Visualization},
  journal = {Journal of Machine Learning Research},
  year    = {2021},
  volume  = {22},
  number  = {201},
  pages   = {1--73},
  url     = {http://jmlr.org/papers/v22/20-1061.html}
}


@article{koehler2022statistical,
  title={Statistical Efficiency of Score Matching: The View from Isoperimetry},
  author={Koehler, Frederic and Heckett, Alexander and Risteski, Andrej},
  journal={arXiv preprint arXiv:2210.00726},
  year={2022}
}


@article{pope2021intrinsic,
  title={The intrinsic dimension of images and its impact on learning},
  author={Pope, Phillip and Zhu, Chen and Abdelkader, Ahmed and Goldblum, Micah and Goldstein, Tom},
  journal={arXiv preprint arXiv:2104.08894},
  year={2021}
}

@inproceedings{karras2019stylegan,
  title={A style-based generator architecture for generative adversarial networks},
  author={Karras, Tero and Laine, Samuli and Aila, Timo},
  booktitle={Proceedings of the IEEE/CVF conference on computer vision and pattern recognition},
  pages={4401--4410},
  year={2019}
}

@inproceedings{karras2020stylegan2,
  title={Analyzing and improving the image quality of stylegan},
  author={Karras, Tero and Laine, Samuli and Aittala, Miika and Hellsten, Janne and Lehtinen, Jaakko and Aila, Timo},
  booktitle={Proceedings of the IEEE/CVF conference on computer vision and pattern recognition},
  pages={8110--8119},
  year={2020}
}

@inproceedings{arjovsky2017principled_gans,
  author       = {Mart{\'{\i}}n Arjovsky and
                  L{\'{e}}on Bottou},
  title        = {Towards Principled Methods for Training Generative Adversarial Networks},
  booktitle    = {5th International Conference on Learning Representations, {ICLR} 2017,
                  Toulon, France, April 24-26, 2017, Conference Track Proceedings},
  publisher    = {OpenReview.net},
  year         = {2017},
  url          = {https://openreview.net/forum?id=Hk4\_qw5xe},
  timestamp    = {Thu, 04 Apr 2019 13:20:07 +0200},
  biburl       = {https://dblp.org/rec/conf/iclr/ArjovskyB17.bib},
  bibsource    = {dblp computer science bibliography, https://dblp.org}
}


@misc{kingmaVDM,
  doi = {10.48550/ARXIV.2107.00630},
  
  url = {https://arxiv.org/abs/2107.00630},
  
  author = {Kingma, Diederik P. and Salimans, Tim and Poole, Ben and Ho, Jonathan},
  
  keywords = {Machine Learning (cs.LG), Machine Learning (stat.ML), FOS: Computer and information sciences, FOS: Computer and information sciences},
  
  title = {Variational Diffusion Models},
  
  publisher = {arXiv},
  
  year = {2021},
  
  copyright = {Creative Commons Attribution 4.0 International}
}


@book{lee2019_riemman,
  title={Introduction to Riemannian Manifolds},
  author={Lee, J.M.},
  isbn={9783319917542},
  series={Graduate Texts in Mathematics},
  url={https://books.google.co.uk/books?id=UIPltQEACAAJ},
  year={2019},
  publisher={Springer International Publishing}
}

@book{lee2003_smooth,
  title={Introduction to Smooth Manifolds},
  author={Lee, J.M.},
  isbn={9780387954486},
  lccn={2002070454},
  series={Graduate Texts in Mathematics},
  url={https://books.google.co.uk/books?id=eqfgZtjQceYC},
  year={2003},
  publisher={Springer}
}

@book{palais1988critical,
  title={Critical Point Theory and Submanifold Geometry},
  author={Palais, Richard S. and Terng, C.},
  isbn={9783540503996},
  lccn={88032694},
  series={Critical Point Theory and Submanifold Geometry},
  url={https://books.google.co.uk/books?id=ViSHzQEACAAJ},
  year={1988},
  publisher={Springer}
}

@book{nicolaescu2011morse_theory,
  title={An Invitation to Morse Theory},
  author={Nicolaescu, L.},
  isbn={9781461411055},
  series={Universitext},
  url={https://books.google.co.uk/books?id=nCgvt2MY4QAC},
  year={2011},
  publisher={Springer New York}
}

@misc{pidstrigach2022manifold_jakiw,
      title={Score-Based Generative Models Detect Manifolds}, 
      author={Jakiw Pidstrigach},
      year={2022},
      eprint={2206.01018},
      archivePrefix={arXiv},
      primaryClass={stat.ML}
}

@misc{chen2023manifold_linear,
      title={Score Approximation, Estimation and Distribution Recovery of Diffusion Models on Low-Dimensional Data}, 
      author={Minshuo Chen and Kaixuan Huang and Tuo Zhao and Mengdi Wang},
      year={2023},
      eprint={2302.07194},
      archivePrefix={arXiv},
      primaryClass={cs.LG}
}

@misc{oko2023diffusion_mini_max,
      title={Diffusion Models are Minimax Optimal Distribution Estimators}, 
      author={Kazusato Oko and Shunta Akiyama and Taiji Suzuki},
      year={2023},
      eprint={2303.01861},
      archivePrefix={arXiv},
      primaryClass={stat.ML}
}

@misc{tempczyk2022lidl,
      title={LIDL: Local Intrinsic Dimension Estimation Using Approximate Likelihood}, 
      author={Piotr Tempczyk and RafaÅ Michaluk and Åukasz Garncarek and PrzemysÅaw Spurek and Jacek Tabor and Adam GoliÅski},
      year={2022},
      eprint={2206.14882},
      archivePrefix={arXiv},
      primaryClass={stat.ML}
}

@article{brehmer2020flows,
  title={Flows for simultaneous manifold learning and density estimation},
  author={Brehmer, Johann and Cranmer, Kyle},
  journal={Advances in Neural Information Processing Systems},
  volume={33},
  pages={442--453},
  year={2020}
}

@inproceedings{horvat2022nfid,
 author = {Horvat, Christian and Pfister, Jean-Pascal},
 booktitle = {Advances in Neural Information Processing Systems},
 editor = {S. Koyejo and S. Mohamed and A. Agarwal and D. Belgrave and K. Cho and A. Oh},
 pages = {12225--12236},
 publisher = {Curran Associates, Inc.},
 title = {Intrinsic dimensionality estimation using Normalizing Flows},
 volume = {35},
 year = {2022}
}


@article{campadelli2015intrinsic,
  title={Intrinsic dimension estimation: Relevant techniques and a benchmark framework},
  author={Campadelli, Paola and Casiraghi, Elena and Ceruti, Claudio and Rozza, Alessandro},
  journal={Mathematical Problems in Engineering},
  volume={2015},
  pages={1--21},
  year={2015},
  publisher={Hindawi Limited}
}

@article{kramer1991nonlinear,
  title={Nonlinear principal component analysis using autoassociative neural networks},
  author={Kramer, Mark A},
  journal={AIChE journal},
  volume={37},
  number={2},
  pages={233--243},
  year={1991},
  publisher={Wiley Online Library}
}

@article{goyal2022inductive,
  title={Inductive biases for deep learning of higher-level cognition},
  author={Goyal, Anirudh and Bengio, Yoshua},
  journal={Proceedings of the Royal Society A},
  volume={478},
  number={2266},
  pages={20210068},
  year={2022},
  publisher={The Royal Society}
}

@article{weed2019sharp,
  title={Sharp asymptotic and finite-sample rates of convergence of empirical measures in Wasserstein distance},
  author={Weed, Jonathan and Bach, Francis},
  year={2019}
}


@article{kpotufe2011knn,
  title={k-NN regression adapts to local intrinsic dimension},
  author={Kpotufe, Samory},
  journal={Advances in neural information processing systems},
  volume={24},
  year={2011}
}

@inproceedings{kim2019kde,
  title={Uniform convergence rate of the kernel density estimator adaptive to intrinsic volume dimension},
  author={Kim, Jisu and Shin, Jaehyeok and Rinaldo, Alessandro and Wasserman, Larry},
  booktitle={International Conference on Machine Learning},
  pages={3398--3407},
  year={2019},
  organization={PMLR}
}

@inproceedings{behrmann2021understandin,
  title={Understanding and mitigating exploding inverses in invertible neural networks},
  author={Behrmann, Jens and Vicol, Paul and Wang, Kuan-Chieh and Grosse, Roger and Jacobsen, J{\"o}rn-Henrik},
  booktitle={International Conference on Artificial Intelligence and Statistics},
  pages={1792--1800},
  year={2021},
  organization={PMLR}
}

@inproceedings{jaini2020tails,
  title={Tails of Lipschitz triangular flows},
  author={Jaini, Priyank and Kobyzev, Ivan and Yu, Yaoliang and Brubaker, Marcus},
  booktitle={International Conference on Machine Learning},
  pages={4673--4681},
  year={2020},
  organization={PMLR}
}

@inproceedings{cornish2020relaxing,
  title={Relaxing bijectivity constraints with continuously indexed normalising flows},
  author={Cornish, Rob and Caterini, Anthony and Deligiannidis, George and Doucet, Arnaud},
  booktitle={International conference on machine learning},
  pages={2133--2143},
  year={2020},
  organization={PMLR}
}

@article{laszkiewicz2021copula,
  title={Copula-based normalizing flows},
  author={Laszkiewicz, Mike and Lederer, Johannes and Fischer, Asja},
  journal={arXiv preprint arXiv:2107.07352},
  year={2021}
}

